@article{CH:1992,
  title     = {A Bayesian Method for the Induction of Probabilistic Networks from Data},
  author    = {Gregory F. Cooper and Edward H. Herskovits},
  journal   = {Machine Learning},
  volume    = {9},
  number    = {4},
  pages     = {309--347},
  year      = {1992},
  publisher = {Kluwer Academic Publishers},
  url       = {https://link.springer.com/content/pdf/10.1007/BF00994110.pdf}
}

@article{HEURISTIC:CH:1992,
  title   = {A Bayesian Method for the Induction of Probabilistic Networks from Data},
  author  = {Gregory F. Cooper and Edward H. Herskovits},
  journal = {Machine Learning},
  pages   = {321},
  year    = {1992}
}

@article{LOGHEURISTIC:CH:1992,
  title   = {A Bayesian Method for the Induction of Probabilistic Networks from Data},
  author  = {Gregory F. Cooper and Edward H. Herskovits},
  journal = {Machine Learning},
  pages   = {322},
  year    = {1992}
}

@article{LSEARCH:CH:1992,
  title   = {A Bayesian Method for the Induction of Probabilistic Networks from Data},
  author  = {Gregory F. Cooper and Edward H. Herskovits},
  journal = {Machine Learning},
  pages   = {323},
  year    = {1992}
}

@article{VP:1990,
  title  = {Equivalence and Synthesis of Causal Models},
  author = {Judea Pearl and Thomas Verma},
  pages  = {220-227},
  year   = {1990},
  url    = {https://arxiv.org/pdf/1304.1108.pdf}
}